<?xml version="1.0" encoding="UTF-8"?>
<SOAP-ENV:Envelope xmlns:SOAP-ENV="http://schemas.xmlsoap.org/soap/envelope/" xmlns:mx="http://www.loc.gov/MARC21/slim" xmlns:of="http://oss.dbc.dk/ns/openformat"><SOAP-ENV:Body><of:formatResponse><marc21><mx:record format="MARC21" type="Bibliographic"><mx:leader>00000njm a22000000c 4500</mx:leader><mx:controlfield tag="007">s|||||||||||||</mx:controlfield><mx:controlfield tag="008">110118s2011    dk ||||          | |   |d</mx:controlfield><mx:datafield ind1="0" ind2="0" tag="028"><mx:subfield code="a">CoCo 20-1</mx:subfield><mx:subfield code="b">DR</mx:subfield><mx:subfield code="b">Concerto Copenhagen</mx:subfield></mx:datafield><mx:datafield ind1="1" ind2=" " tag="029"><mx:subfield code="a">DKDLA</mx:subfield><mx:subfield code="b">870970-basis:28608241</mx:subfield></mx:datafield><mx:datafield ind1=" " ind2=" " tag="040"><mx:subfield code="a">DKDLA</mx:subfield><mx:subfield code="b">dan</mx:subfield><mx:subfield code="c">DKDLA</mx:subfield><mx:subfield code="e">kbsdb</mx:subfield></mx:datafield><mx:datafield ind1=" " ind2=" " tag="049"><mx:subfield code="a">DK-190101</mx:subfield></mx:datafield><mx:datafield ind1=" " ind2=" " tag="084"><mx:subfield code="a">78.411</mx:subfield><mx:subfield code="2">z</mx:subfield></mx:datafield><mx:datafield ind1=" " ind2=" " tag="084"><mx:subfield code="a">78.412-1</mx:subfield><mx:subfield code="2">z</mx:subfield></mx:datafield><mx:datafield ind1=" " ind2=" " tag="084"><mx:subfield code="a">78.411</mx:subfield><mx:subfield code="2">z</mx:subfield></mx:datafield><mx:datafield ind1=" " ind2=" " tag="084"><mx:subfield code="a">78.411</mx:subfield><mx:subfield code="2">z</mx:subfield></mx:datafield><mx:datafield ind1=" " ind2=" " tag="084"><mx:subfield code="a">78.411</mx:subfield><mx:subfield code="2">z</mx:subfield></mx:datafield><mx:datafield ind1=" " ind2=" " tag="084"><mx:subfield code="a">78.81-2</mx:subfield><mx:subfield code="2">z</mx:subfield></mx:datafield><mx:datafield ind1=" " ind2=" " tag="084"><mx:subfield code="a">78.412-33</mx:subfield><mx:subfield code="2">z</mx:subfield></mx:datafield><mx:datafield ind1=" " ind2=" " tag="084"><mx:subfield code="a">78.411</mx:subfield><mx:subfield code="2">z</mx:subfield></mx:datafield><mx:datafield ind1=" " ind2=" " tag="084"><mx:subfield code="a">78.411</mx:subfield><mx:subfield code="2">z</mx:subfield></mx:datafield><mx:datafield ind1=" " ind2=" " tag="084"><mx:subfield code="a">78.411</mx:subfield><mx:subfield code="2">z</mx:subfield></mx:datafield><mx:datafield ind1=" " ind2=" " tag="084"><mx:subfield code="a">78.411</mx:subfield><mx:subfield code="2">z</mx:subfield></mx:datafield><mx:datafield ind1=" " ind2=" " tag="084"><mx:subfield code="a">78.411</mx:subfield><mx:subfield code="2">z</mx:subfield></mx:datafield><mx:datafield ind1=" " ind2=" " tag="084"><mx:subfield code="a">78.411</mx:subfield><mx:subfield code="2">z</mx:subfield></mx:datafield><mx:datafield ind1="0" ind2="0" tag="245"><mx:subfield code="a">20!</mx:subfield><mx:subfield code="h">[lydoptagelse] /</mx:subfield><mx:subfield code="c">Concerto Copenhagen ; redaktion: Karin Fich, Nikolaj de Fine Licht og Lars Henriksson</mx:subfield></mx:datafield><mx:datafield ind1=" " ind2=" " tag="260"><mx:subfield code="b">Concerto Copenhagen :</mx:subfield><mx:subfield code="b">DR,</mx:subfield><mx:subfield code="c">[2011], p 2010</mx:subfield></mx:datafield><mx:datafield ind1=" " ind2=" " tag="300"><mx:subfield code="a">1 cd +</mx:subfield><mx:subfield code="e">1 kommentarbilag</mx:subfield></mx:datafield><mx:datafield ind1=" " ind2=" " tag="500"><mx:subfield code="a">Udgivet i anledning af Concerto Copenhagens 20-års jubilæum</mx:subfield></mx:datafield><mx:datafield ind1=" " ind2=" " tag="500"><mx:subfield code="a">Plademærke: DR. Plademærke: Concerto Copenhagen. Forlagsnummer: CoCo 20-1</mx:subfield></mx:datafield><mx:datafield ind1="1" ind2=" " tag="700"><mx:subfield code="a">Bernardini, Alfredo</mx:subfield></mx:datafield><mx:datafield ind1="1" ind2=" " tag="700"><mx:subfield code="a">Fich, Karin</mx:subfield></mx:datafield><mx:datafield ind1="1" ind2=" " tag="700"><mx:subfield code="a">Goebel, Reinhard</mx:subfield></mx:datafield><mx:datafield ind1="1" ind2=" " tag="700"><mx:subfield code="a">Henriksson, Lars</mx:subfield></mx:datafield><mx:datafield ind1="1" ind2=" " tag="700"><mx:subfield code="a">Lawrence-King, Andrew</mx:subfield></mx:datafield><mx:datafield ind1="1" ind2=" " tag="700"><mx:subfield code="a">Licht, Nikolaj de Fine</mx:subfield></mx:datafield><mx:datafield ind1="1" ind2=" " tag="700"><mx:subfield code="a">Linden, Jaap van ter</mx:subfield></mx:datafield><mx:datafield ind1="1" ind2=" " tag="700"><mx:subfield code="a">Manze, Andrew</mx:subfield></mx:datafield><mx:datafield ind1="1" ind2=" " tag="700"><mx:subfield code="a">Mortensen, Lars Ulrik,</mx:subfield><mx:subfield code="d">f. 1955</mx:subfield></mx:datafield><mx:datafield ind1="1" ind2=" " tag="700"><mx:subfield code="a">Semmingsen, Tuva</mx:subfield></mx:datafield><mx:datafield ind1="1" ind2=" " tag="700"><mx:subfield code="a">Telemann, Georg Philipp</mx:subfield><mx:subfield code="t">Koncert for 3 trompeter, 2 oboer, pauker, strygere og continuo, D-dur, TWV 54:D3 (Kross BD 1) (1. sats : Intrada) / dirigent: Jaap ter Linden</mx:subfield></mx:datafield><mx:datafield ind1="1" ind2=" " tag="700"><mx:subfield code="a">Scheibe, Johann Adolph</mx:subfield><mx:subfield code="t">Sinfonia à 4, B-dur (2. sats : Andante) / dirigent: Andrew Manze</mx:subfield></mx:datafield><mx:datafield ind1="1" ind2=" " tag="700"><mx:subfield code="a">Händel, Georg Friedrich</mx:subfield><mx:subfield code="t">Xerxes (Ouverture) / dirigent: Reinhard Goebel</mx:subfield></mx:datafield><mx:datafield ind1="1" ind2=" " tag="700"><mx:subfield code="a">Rameau, Jean-Philippe</mx:subfield><mx:subfield code="t">Les boréades (Ouverture (Allegro)) / dirigent: Andrew Manze</mx:subfield></mx:datafield><mx:datafield ind1="1" ind2=" " tag="700"><mx:subfield code="a">Händel, Georg Friedrich</mx:subfield><mx:subfield code="t">Julius Cæsar Svegliatevi nel core / Tuva Semmingsen, mezzosopran ; dirigent: Lars Ulrik Mortensen</mx:subfield></mx:datafield><mx:datafield ind1="1" ind2=" " tag="700"><mx:subfield code="a">Bach, Johann Sebastian</mx:subfield><mx:subfield code="t">Koncert for cembalo, strygere og continuo nr. 2, E-dur, BWV 1053 (2. sats : Siciliano) / Lars Ulrik Mortensen, cembalo ; dirigent: Lars Ulrik Mortensen</mx:subfield></mx:datafield><mx:datafield ind1="1" ind2=" " tag="700"><mx:subfield code="a">Rameau, Jean-Philippe</mx:subfield><mx:subfield code="t">Hippolyte og Aricie (Ouverture) / dirigent: Lars Ulrik Mortensen</mx:subfield></mx:datafield><mx:datafield ind1="1" ind2=" " tag="700"><mx:subfield code="a">Händel, Georg Friedrich</mx:subfield><mx:subfield code="t">Water music, HWV 348-350 (Suite nr. 1, F-dur (Allegro)) / dirigent: Lars Ulrik Mortensen</mx:subfield></mx:datafield><mx:datafield ind1="0" ind2=" " tag="700"><mx:subfield code="a">Anonym</mx:subfield><mx:subfield code="t">The Spanish gypsies / dirigent: Andrew Lawrence-King</mx:subfield></mx:datafield><mx:datafield ind1="1" ind2=" " tag="700"><mx:subfield code="a">Vivaldi, Antonio</mx:subfield><mx:subfield code="t">La senna festeggiante, RV 693 (Sinfonia (Allegro)) / dirigent: Alfredo Bernardini</mx:subfield></mx:datafield><mx:datafield ind1="1" ind2=" " tag="700"><mx:subfield code="a">Telemann, Georg Philipp</mx:subfield><mx:subfield code="t">Ouverturesuite, G-dur, TWV 55:G10 Le reveil de Quichotte ; Son attaque des moulins à vent : Don Quixote-suite / dirigent: Lars Ulrik Mortensen</mx:subfield></mx:datafield><mx:datafield ind1="0" ind2=" " tag="700"><mx:subfield code="a">Anonym</mx:subfield><mx:subfield code="t">Sinfonia, D-dur (1. sats : Allegro) / anonym (Sigr G), af Gieddes samling, KB, X, ii ; dirigent: Lars Ulrik Mortensen</mx:subfield></mx:datafield><mx:datafield ind1="2" ind2=" " tag="710"><mx:subfield code="a">Concerto Copenhagen</mx:subfield></mx:datafield><mx:datafield ind1=" " ind2=" " tag="901"><mx:subfield code="a">784</mx:subfield></mx:datafield></mx:record><hs activity="insert">DKDLA</hs></marc21></of:formatResponse></SOAP-ENV:Body></SOAP-ENV:Envelope>
